@inproceedings{DBLP:conf/IEEEwisa/ZhaoSTZX16,
  author    = {ChongChong Zhao and
               Daniyaer Saifuding and
               Hongliang Tian and
               Yong Zhang and
               Chunxiao Xing},
  title     = {On the Performance of Intel {SGX}},
  booktitle = {13th Web Information Systems and Applications Conference, {WISA} 2016,
               Wuhan, China, September 23-25, 2016},
  pages     = {184--187},
  year      = {2016},
  url       = {https://doi.org/10.1109/WISA.2016.45},
  doi       = {10.1109/WISA.2016.45},
  timestamp = {Thu, 22 Jun 2017 16:10:09 +0200},
  biburl    = {https://dblp.org/rec/bib/conf/IEEEwisa/ZhaoSTZX16},
  bibsource = {dblp computer science bibliography, https://dblp.org}
}

@article{DBLP:journals/tocs/BaumannPH15,
  author    = {Andrew Baumann and
               Marcus Peinado and
               Galen C. Hunt},
  title     = {Shielding Applications from an Untrusted Cloud with Haven},
  journal   = {{ACM} Trans. Comput. Syst.},
  volume    = {33},
  number    = {3},
  pages     = {8:1--8:26},
  year      = {2015},
  url       = {http://doi.acm.org/10.1145/2799647},
  doi       = {10.1145/2799647},
  timestamp = {Tue, 03 Jan 2017 11:51:57 +0100},
  biburl    = {https://dblp.org/rec/bib/journals/tocs/BaumannPH15},
  bibsource = {dblp computer science bibliography, https://dblp.org}
}

@inproceedings{DBLP:conf/usenix/LindPMOAKRGEKFP17,
  author    = {Joshua Lind and
               Christian Priebe and
               Divya Muthukumaran and
               Dan O'Keeffe and
               Pierre{-}Louis Aublin and
               Florian Kelbert and
               Tobias Reiher and
               David Goltzsche and
               David M. Eyers and
               R{\"{u}}diger Kapitza and
               Christof Fetzer and
               Peter R. Pietzuch},
  title     = {Glamdring: Automatic Application Partitioning for Intel {SGX}},
  booktitle = {2017 {USENIX} Annual Technical Conference, {USENIX} {ATC} 2017, Santa
               Clara, CA, USA, July 12-14, 2017.},
  pages     = {285--298},
  year      = {2017},
  url       = {https://www.usenix.org/conference/atc17/technical-sessions/presentation/lind},
  timestamp = {Wed, 19 Jul 2017 17:16:19 +0200},
  biburl    = {https://dblp.org/rec/bib/conf/usenix/LindPMOAKRGEKFP17},
  bibsource = {dblp computer science bibliography, https://dblp.org}
}

@inproceedings{DBLP:conf/osdi/ArnautovTGKMPLM16,
  author    = {Sergei Arnautov and
               Bohdan Trach and
               Franz Gregor and
               Thomas Knauth and
               Andr{\'{e}} Martin and
               Christian Priebe and
               Joshua Lind and
               Divya Muthukumaran and
               Dan O'Keeffe and
               Mark Stillwell and
               David Goltzsche and
               David M. Eyers and
               R{\"{u}}diger Kapitza and
               Peter R. Pietzuch and
               Christof Fetzer},
  title     = {{SCONE:} Secure Linux Containers with Intel {SGX}},
  booktitle = {12th {USENIX} Symposium on Operating Systems Design and Implementation,
               {OSDI} 2016, Savannah, GA, USA, November 2-4, 2016.},
  pages     = {689--703},
  year      = {2016},
  url       = {https://www.usenix.org/conference/osdi16/technical-sessions/presentation/arnautov},
  timestamp = {Thu, 21 Dec 2017 15:43:42 +0100},
  biburl    = {https://dblp.org/rec/bib/conf/osdi/ArnautovTGKMPLM16},
  bibsource = {dblp computer science bibliography, https://dblp.org}
}

@article{DBLP:journals/iacr/CostanD16,
  author    = {Victor Costan and
               Srinivas Devadas},
  title     = {Intel {SGX} Explained},
  journal   = {{IACR} Cryptology ePrint Archive},
  volume    = {2016},
  pages     = {86},
  year      = {2016},
  url       = {http://eprint.iacr.org/2016/086},
  timestamp = {Thu, 08 Jun 2017 14:26:36 +0200},
  biburl    = {https://dblp.org/rec/bib/journals/iacr/CostanD16},
  bibsource = {dblp computer science bibliography, https://dblp.org}
}

@inproceedings{DBLP:conf/sicherheit/UblerGM18,
  author    = {David {\"{U}}bler and
               Johannes G{\"{o}}tzfried and
               Tilo M{\"{u}}ller},
  title     = {Secure Remote Computation using Intel {SGX}},
  booktitle = {Sicherheit 2018, Beitr{\"{a}}ge der 9. Jahrestagung des Fachbereichs
               Sicherheit der Gesellschaft f{\"{u}}r Informatik e.V. (GI), 25.-27.4.2018,
               Konstanz.},
  pages     = {209--219},
  year      = {2018},
  url       = {https://doi.org/10.18420/sicherheit2018_16},
  doi       = {10.18420/sicherheit2018_16},
  timestamp = {Wed, 18 Apr 2018 11:49:34 +0200},
  biburl    = {https://dblp.org/rec/bib/conf/sicherheit/UblerGM18},
  bibsource = {dblp computer science bibliography, https://dblp.org}
}

@article{DBLP:journals/corr/abs-1805-01548,
  author    = {Rafael Pires and
               David Goltzsche and
               Sonia Ben Mokhtar and
               Sara Bouchenak and
               Antoine Boutet and
               Pascal Felber and
               R{\"{u}}diger Kapitza and
               Marcelo Pasin and
               Valerio Schiavoni},
  title     = {{CYCLOSA:} Decentralizing Private Web Search Through SGX-Based Browser
               Extensions},
  journal   = {CoRR},
  volume    = {abs/1805.01548},
  year      = {2018},
  url       = {http://arxiv.org/abs/1805.01548},
  archivePrefix = {arXiv},
  eprint    = {1805.01548},
  timestamp = {Mon, 04 Jun 2018 17:53:36 +0200},
  biburl    = {https://dblp.org/rec/bib/journals/corr/abs-1805-01548},
  bibsource = {dblp computer science bibliography, https://dblp.org}
}
